<?xml version="1.0" encoding="UTF-8" ?>
<collection xmlns:xsi="http://www.w3.org/2001/XMLSchema-instance"
    xsi:schemaLocation="http://www.loc.gov/MARC21/slim
        http://www.loc.gov/standards/marcxml/schema/MARC21slim.xsd"
    xmlns="http://www.loc.gov/MARC21/slim">
<record>
  <leader>00212cam a2200385 i 4500</leader>
  <controlfield tag="001">b12335150</controlfield>
  <controlfield tag="003">LeBAU</controlfield>
  <controlfield tag="005">20140219</controlfield>
  <controlfield tag="008">970203s1930    ua            ||0 0 ara d</controlfield>
  <datafield tag="035" ind1=" " ind2=" ">
    <subfield code="a">ocn784210386</subfield>
  </datafield>
  <datafield tag="040" ind1=" " ind2=" ">
    <subfield code="a">LEAUB</subfield>
    <subfield code="b">ara</subfield>
    <subfield code="e">rda</subfield>
    <subfield code="c">LEAUB</subfield>
    <subfield code="d">LEAUB</subfield>
  </datafield>
  <datafield tag="082" ind1="0" ind2="4">
    <subfield code="a">297.08</subfield>
    <subfield code="2">20</subfield>
  </datafield>
  <datafield tag="100" ind1="1" ind2=" ">
    <subfield code="6">880-01</subfield>
    <subfield code="a">Ujhūrī, ʻAṭīyat Allāh ibn ʻAṭīyah,</subfield>
    <subfield code="d">-1776 or 1777,</subfield>
    <subfield code="e">author.</subfield>
  </datafield>
  <datafield tag="245" ind1="1" ind2="0">
    <subfield code="6">880-02</subfield>
    <subfield code="a">Ḥāshīyat al-‘allāmah al-muḥaqqiq al-shaykh ʻAṭīyah al-Ajhūrī ʻalá Sharḥ sayyidī Muḥammad al-Zurqānī ʻala manẓūmat al-Bayqūnīyah lil-‘allāmah al-Shaykh ‘Umar ibn al-Shaykh Muḥammad ibn al-Futūḥ al-Dimashqī al-Shāfi‘ī fī ‘ilm muṣṭalaḥ al-ḥadīth.</subfield>
  </datafield>
  <datafield tag="264" ind1=" " ind2="1">
    <subfield code="6">880-03</subfield>
    <subfield code="a">Miṣr :</subfield>
    <subfield code="b">Muṣṭafá al-Bābī al-Halabī wa-Awlāduh,</subfield>
    <subfield code="c">1349 H., [1930? M.]</subfield>
  </datafield>
  <datafield tag="300" ind1=" " ind2=" ">
    <subfield code="6">880-04</subfield>
    <subfield code="a">88 pages ;</subfield>
    <subfield code="c">27 cm</subfield>
  </datafield>
  <datafield tag="336" ind1=" " ind2=" ">
    <subfield code="a">text</subfield>
    <subfield code="b">txt</subfield>
    <subfield code="2">rdacontent</subfield>
  </datafield>
  <datafield tag="337" ind1=" " ind2=" ">
    <subfield code="a">unmediated</subfield>
    <subfield code="b">n</subfield>
    <subfield code="2">rdamedia</subfield>
  </datafield>
  <datafield tag="338" ind1=" " ind2=" ">
    <subfield code="a">volume</subfield>
    <subfield code="b">nc</subfield>
    <subfield code="2">rdacarrier</subfield>
  </datafield>
  <datafield tag="600" ind1="1" ind2="4">
    <subfield code="a">الزرقاني، محمد بن عبد الباقي،</subfield>
    <subfield code="d">1645-1710.</subfield>
    <subfield code="t">شرح البيقونية.</subfield>
  </datafield>
  <datafield tag="600" ind1="1" ind2="4">
    <subfield code="a">البيقوني، طه بن محمد،</subfield>
    <subfield code="d">اشتهر في القرن 17.</subfield>
    <subfield code="t">منظومة البيقونية.</subfield>
  </datafield>
  <datafield tag="600" ind1="1" ind2="0">
    <subfield code="a">Zurqānī, Muḥammad ibn ʻAbd al-Bāqī,</subfield>
    <subfield code="d">1645-1710.</subfield>
    <subfield code="t">Sharḥ al-Bayqūnīyah.</subfield>
  </datafield>
  <datafield tag="600" ind1="1" ind2="0">
    <subfield code="a">Bayqūnī, Ṭāhā ibn Muḥammad,</subfield>
    <subfield code="d">active 17th century.</subfield>
    <subfield code="t">Manẓūmah al-Bayqūnīyah.</subfield>
  </datafield>
  <datafield tag="650" ind1=" " ind2="4">
    <subfield code="a">الحديث</subfield>
    <subfield code="x">مصطلحات</subfield>
    <subfield code="v">اعمال قديمة حتى 1800.</subfield>
  </datafield>
  <datafield tag="650" ind1=" " ind2="0">
    <subfield code="a">Hadith</subfield>
    <subfield code="v">Terminology</subfield>
    <subfield code="v">Early works to 1800.</subfield>
  </datafield>
  <datafield tag="852" ind1=" " ind2=" ">
    <subfield code="a">Jafet Library</subfield>
    <subfield code="e">American University of Beirut, Bliss Street , Beirut, Lebanon.</subfield>
  </datafield>
  <datafield tag="880" ind1="1" ind2=" ">
    <subfield code="6">100-01/(3/r</subfield>
    <subfield code="a">الاجهوري، عطية الله بن عطية،</subfield>
    <subfield code="d">-1776 او 1777،</subfield>
    <subfield code="e">مؤلف. </subfield>
    <subfield code="4">aut.</subfield>
  </datafield>
  <datafield tag="880" ind1="1" ind2="0">
    <subfield code="6">245-02/(3/r</subfield>
    <subfield code="a">حاشية العلامة المحقق الشيخ عطية الأجهورى على شرح سيدي محمد الزرقاني على منظومة البيقونية للعلامة الشيخ عمر إبن الشيخ محمد بن فتوح الدمشقي الشافعي في علم مصطلح الحديث. </subfield>
  </datafield>
  <datafield tag="880" ind1=" " ind2="1">
    <subfield code="6">264-03/(3/r</subfield>
    <subfield code="a">مصر :</subfield>
    <subfield code="b">مصطفىى البابي الحلبي وأولاده،</subfield>
    <subfield code="c">1349 هـ.، [1930؟ م.]</subfield>
  </datafield>
  <datafield tag="880" ind1=" " ind2=" ">
    <subfield code="6">300-04/(3/r</subfield>
    <subfield code="a">88 صفحة ؛</subfield>
    <subfield code="c">27 سم</subfield>
  </datafield>
  <datafield tag="907" ind1=" " ind2=" ">
    <subfield code="a">.b12335150</subfield>
    <subfield code="b">16-10-07</subfield>
    <subfield code="c">11-05-24</subfield>
  </datafield>
  <datafield tag="907" ind1=" " ind2=" ">
    <subfield code="a">.b12335150</subfield>
    <subfield code="b">11-10-11</subfield>
    <subfield code="c">11-05-24</subfield>
  </datafield>
  <datafield tag="945" ind1=" " ind2=" ">
    <subfield code="f">J</subfield>
    <subfield code="a">297.08:A311hA:c.1</subfield>
    <subfield code="g">1</subfield>
    <subfield code="i">01003594</subfield>
    <subfield code="j">.i12768716</subfield>
    <subfield code="l">u0503</subfield>
  </datafield>
  <datafield tag="945" ind1=" " ind2=" ">
    <subfield code="f">J</subfield>
    <subfield code="a">297.08:A311hA:c.2</subfield>
    <subfield code="g">1</subfield>
    <subfield code="i">01003595</subfield>
    <subfield code="j">.i12768728</subfield>
    <subfield code="l">u0503</subfield>
  </datafield>
  <datafield tag="998" ind1=" " ind2=" ">
    <subfield code="a">u05</subfield>
    <subfield code="b">97-02-03</subfield>
    <subfield code="c">m</subfield>
    <subfield code="d">a</subfield>
    <subfield code="e">-</subfield>
    <subfield code="f">ara</subfield>
    <subfield code="g">ua </subfield>
    <subfield code="h">0</subfield>
    <subfield code="i">2</subfield>
  </datafield>
</record>
</collection>
